@book{spirtes2000causation,
  title={Causation, prediction, and search},
  author={Spirtes, Peter and Glymour, Clark N and Scheines, Richard and Heckerman, David},
  year={2000},
  publisher={MIT press},
  DOI={10.1080/08839514.2018.1526760}
}

@article{otomo2019latent,
  title={Latent variable based anomaly detection in network system logs},
  author={Otomo, Kazuki and Kobayashi, Satoru and Fukuda, Kensuke and Esaki, Hiroshi},
  year={2019},
  journal={IEICE TRANSACTIONS on Information and Systems},
  DOI={10.1587/transinf.2018OFP0007}
}

@inproceedings{aussel2018improving,
  title={Improving performances of log mining for anomaly prediction through nlp-based log parsing},
  author={Aussel, Nicolas and Petetin, Yohan and Chabridon, Sophie},
  year={2018},
  booktitle={2018 IEEE 26th International Symposium on Modeling, Analysis, and Simulation of Computer and Telecommunication Systems (MASCOTS)},
  DOI={10.1109/MASCOTS.2018.00031}
}

@inproceedings{du2017deeplog,
  title={Deeplog: Anomaly detection and diagnosis from system logs through deep learning},
  author={Du, Min and Li, Feifei and Zheng, Guineng and Srikumar, Vivek},
  year={2017},
  booktitle={Proceedings of the 2017 ACM SIGSAC conference on computer and communications security},
  DOI={10.1145/3133956.3134015}
}

@article{kobayashi2017mining,
  title={Mining causality of network events in log data},
  author={Kobayashi, Satoru and Otomo, Kazuki and Fukuda, Kensuke and Esaki, Hiroshi},
  journal={IEEE Transactions on Network and Service Management},
  year={2017},
  DOI={10.1109/TNSM.2017.2778096}
}

@inproceedings{jia2017approach,
  title={An approach for anomaly diagnosis based on hybrid graph model with logs for distributed services},
  author={Jia, Tong and Chen, Pengfei and Yang, Lin and Li, Ying and Meng, Fanjing and Xu, Jingmin},
  booktitle={2017 IEEE international conference on web services (ICWS)},
  year={2017},
  DOI={10.1109/ICWS.2017.12}
}

@article{lou2010mining,
  title={Mining dependency in distributed systems through unstructured logs analysis},
  author={Lou, Jian-Guang and Fu, Qiang and Wang, Yi and Li, Jiang},
  journal={ACM SIGOPS Operating Systems Review},
  year={2010},
  DOI={10.1145/1740390.1740411}
}

@inproceedings{jarry2021quantitative,
  title={A Quantitative Causal Analysis for Network Log Data},
  author={Jarry, Richard and Kobayashi, Satoru and Fukuda, Kensuke},
  booktitle={2021 IEEE 45th Annual Computers, Software, and Applications Conference (COMPSAC)},
  year={2021},
  DOI={10.1109/COMPSAC51774.2021.00213}
}

@inproceedings{fu2009execution,
  title={Execution anomaly detection in distributed systems through unstructured log analysis},
  author={Fu, Qiang and Lou, Jian-Guang and Wang, Yi and Li, Jiang},
  booktitle={2009 ninth IEEE international conference on data mining},
  year={2009},
  DOI={10.1109/ICDM.2009.60}
}

@inproceedings{hamooni2016logmine,
  title={Logmine: Fast pattern recognition for log analytics},
  author={Hamooni, Hossein and Debnath, Biplob and Xu, Jianwu and Zhang, Hui and Jiang, Guofei and Mueen, Abdullah},
  booktitle={Proceedings of the 25th ACM International on Conference on Information and Knowledge Management},
  year={2016},
  DOI={10.1145/2983323.2983358}
}

@inproceedings{nandi2016anomaly,
  title={Anomaly detection using program control flow graph mining from execution logs},
  author={Nandi, Animesh and Mandal, Atri and Atreja, Shubham and Dasgupta, Gargi B and Bhattacharya, Subhrajit},
  booktitle={Proceedings of the 22nd ACM SIGKDD International Conference on Knowledge Discovery and Data Mining},
  year={2016},
  DOI={10.1145/2939672.2939712}
}

@inproceedings{xu2009detecting,
  title={Detecting large-scale system problems by mining console logs},
  author={Xu, Wei and Huang, Ling and Fox, Armando and Patterson, David and Jordan, Michael I},
  booktitle={Proceedings of the ACM SIGOPS 22nd symposium on Operating systems principles},
  year={2009},
  DOI={10.1145/1629575.1629587}
}

@inproceedings{nedelkoski2020self,
  title={Self-supervised log parsing},
  author={Nedelkoski, Sasho and Bogatinovski, Jasmin and Acker, Alexander and Cardoso, Jorge and Kao, Odej},
  booktitle={Joint European Conference on Machine Learning and Knowledge Discovery in Databases},
  year={2020},
  DOI={10.1007/978-3-030-67667-4\_8}
}

@inproceedings{messaoudi2018search,
  title={A search-based approach for accurate identification of log message formats},
  author={Messaoudi, Salma and Panichella, Annibale and Bianculli, Domenico and Briand, Lionel and Sasnauskas, Raimondas},
  booktitle={2018 IEEE/ACM 26th International Conference on Program Comprehension (ICPC)},
  year={2018}
}

@inproceedings{he2017drain,
  title={Drain: An online log parsing approach with fixed depth tree},
  author={He, Pinjia and Zhu, Jieming and Zheng, Zibin and Lyu, Michael R},
  booktitle={2017 IEEE international conference on web services (ICWS)},
  year={2017},
  DOI={10.1109/ICWS.2017.13}
}

@inproceedings{zhu2019tools,
  title={Tools and benchmarks for automated log parsing},
  author={Zhu, Jieming and He, Shilin and Liu, Jinyang and He, Pinjia and Xie, Qi and Zheng, Zibin and Lyu, Michael R},
  booktitle={2019 IEEE/ACM 41st International Conference on Software Engineering: Software Engineering in Practice (ICSE-SEIP)},
  year={2019},
  DOI={10.1109/ICSE-SEIP.2019.00021}
}

@inproceedings{du2016spell,
  title={Spell: Streaming parsing of system event logs},
  author={Du, Min and Li, Feifei},
  booktitle={2016 IEEE 16th International Conference on Data Mining (ICDM)},
  year={2016},
  DOI={10.1109/ICDM.2016.0103}
}

@article{devlin2018bert,
  title={Bert: Pre-training of deep bidirectional transformers for language understanding},
  author={Devlin, Jacob and Chang, Ming-Wei and Lee, Kenton and Toutanova, Kristina},
  journal={arXiv preprint arXiv:1810.04805},
  year={2018},
  DOI={10.48550/arXiv.1810.04805}
}

@article{glymour2019review,
  title={Review of causal discovery methods based on graphical models},
  author={Glymour, Clark and Zhang, Kun and Spirtes, Peter},
  journal={Frontiers in genetics},
  year={2019},
  DOI={10.3389/fgene.2019.00524}
}

@incollection{goudet2018learning,
  title={Learning functional causal models with generative neural networks},
  author={Goudet, Olivier and Kalainathan, Diviyan and Caillou, Philippe and Guyon, Isabelle and Lopez-Paz, David and Sebag, Michele},
  booktitle={Explainable and interpretable models in computer vision and machine learning},
  year={2018},
  publisher={Springer},
  DOI={10.1007/978-3-319-98131-4\_3}
}

@article{shimizu2006linear,
  title={A linear non-Gaussian acyclic model for causal discovery},
  author={Shimizu, Shohei and Hoyer, Patrik O and Hyv{\"a}rinen, Aapo and Kerminen, Antti and Jordan, Michael},
  journal={Journal of Machine Learning Research},
  year={2006}
}

@article{zhang2012identifiability,
  title={On the identifiability of the post-nonlinear causal model},
  author={Zhang, Kun and Hyvarinen, Aapo},
  journal={arXiv preprint arXiv:1205.2599},
  year={2012},
  DOI={10.48550/arXiv.1205.2599}
}

@article{granger1980testing,
  title={Testing for causality: A personal viewpoint},
  author={Granger, Clive WJ},
  journal={Journal of Economic Dynamics and control},
  year={1980},
  publisher={Elsevier},
  DOI={10.1016/0165-1889(80)90069-X}
}

@article{granger2004nobel,
  Author = {Granger, Clive W.J.},
  Title = {Time Series Analysis, Cointegration, and Applications},
  Journal = {American Economic Review},
  Year = {2004},
  DOI = {10.1257/0002828041464669}
}

@article{seth2007granger,
  title={Granger causality},
  author={Seth, Anil},
  journal={Scholarpedia},
  year={2007}
}

@article{chickering2002optimal,
  title={Optimal structure identification with greedy search},
  author={Chickering, David Maxwell},
  journal={Journal of machine learning research},
  year={2002}
}

@article{stoica2004model,
  title={Model-order selection: a review of information criterion rules},
  author={Stoica, Petre and Selen, Yngve},
  journal={IEEE Signal Processing Magazine},
  year={2004},
  publisher={IEEE},
  DOI={Model-order selection: a review of information criterion rules}
}

@article{hauser2012characterization,
  title={Characterization and greedy learning of interventional Markov equivalence classes of directed acyclic graphs},
  author={Hauser, Alain and B{\"u}hlmann, Peter},
  journal={The Journal of Machine Learning Research},
  year={2012},
  publisher={JMLR. org}
}

@article{ramsey2017million,
  title={A million variables and more: the fast greedy equivalence search algorithm for learning high-dimensional graphical causal models, with an application to functional magnetic resonance images},
  author={Ramsey, Joseph and Glymour, Madelyn and Sanchez-Romero, Ruben and Glymour, Clark},
  journal={International journal of data science and analytics},
  year={2017},
  publisher={Springer},
  DOI={10.1007/s41060-016-0032-z}
}

@book{pearl2009causality,
  title={Causality},
  author={Pearl, Judea},
  year={2009},
  publisher={Cambridge university press}
}

@article{nogueira2021causal,
  title={Causal discovery in machine learning: Theories and applications},
  author={Nogueira, Ana Rita and Gama, Jo{\~a}o and Ferreira, Carlos Abreu},
  journal={Journal of Dynamics \& Games},
  year={2021},
  publisher={American Institute of Mathematical Sciences},
  DOI={10.3934/jdg.2021008}
}

@article{colombo2014order,
  title={Order-independent constraint-based causal structure learning},
  author={Colombo, Diego and Maathuis, Marloes H and others},
  journal={J. Mach. Learn. Res.},
  year={2014}
}

@article{le2016fast,
  title={A fast PC algorithm for high dimensional causal discovery with multi-core PCs},
  author={Le, Thuc Duy and Hoang, Tao and Li, Jiuyong and Liu, Lin and Liu, Huawen and Hu, Shu},
  journal={IEEE/ACM transactions on computational biology and bioinformatics},
  year={2016},
  publisher={IEEE},
  DOI={10.1109/TCBB.2016.2591526}
}

@article{buhlmann2010variable,
  title={Variable selection in high-dimensional linear models: partially faithful distributions and the PC-simple algorithm},
  author={B{\"u}hlmann, Peter and Kalisch, Markus and Maathuis, Marloes H},
  journal={Biometrika},
  year={2010},
  publisher={Oxford University Press},
  DOI={10.1093/biomet/asq008}
}

@inproceedings{aliferis2003hiton,
  title={HITON: a novel Markov Blanket algorithm for optimal variable selection},
  author={Aliferis, Constantin F and Tsamardinos, Ioannis and Statnikov, Alexander},
  booktitle={AMIA annual symposium proceedings},
  year={2003},
  organization={American Medical Informatics Association}
}

@article{tsagris2019bayesian,
  title={Bayesian network learning with the PC algorithm: an improved and correct variation},
  author={Tsagris, Michail},
  journal={Applied Artificial Intelligence},
  year={2019},
  publisher={Taylor \& Francis},
  DOI={10.1080/08839514.2018.1526760}
}

